%% This BibTeX bibliography file was created using BibDesk.
%% http://bibdesk.sourceforge.net/


%% Created for Frank Steiler at 2015-01-02 20:21:19 +0100 


%% Saved with string encoding Unicode (UTF-8) 



@misc{Vomlel:2005aa,
	Author = {Jiri Vomlel},
	Date-Added = {2015-01-02 19:08:33 +0000},
	Date-Modified = {2015-01-02 19:10:09 +0000},
	Howpublished = {Presentation},
	Title = {Some applications of Bayesian networks},
	Year = {2005},
	Bdsk-File-1 = {YnBsaXN0MDDUAQIDBAUGJCVYJHZlcnNpb25YJG9iamVjdHNZJGFyY2hpdmVyVCR0b3ASAAGGoKgHCBMUFRYaIVUkbnVsbNMJCgsMDxJXTlMua2V5c1pOUy5vYmplY3RzViRjbGFzc6INDoACgAOiEBGABIAFgAdccmVsYXRpdmVQYXRoWWFsaWFzRGF0YV8QLC4uL1Jlc291cmNlcy9MaXRlcmF0dXJlL3ByZXNlbnRhY2Uta2FybnkucGRm0hcLGBlXTlMuZGF0YU8RAm4AAAAAAm4AAgAADE1hY2ludG9zaCBIRAAAAAAAAAAAAAAAAAAAANBivPFIKwAAALfmihRwcmVzZW50YWNlLWthcm55LnBkZgAAAAAAAAAAAAAAAAAAAAAAAAAAAAAAAAAAAAAAAAAAAAAAAAAAAAAAAAAAwJm50MyrHAAAAAAAAAAAAAEAAwAACSAAAAAAAAAAAAAAAAAAAAAKTGl0ZXJhdHVyZQAQAAgAANBioNEAAAARAAgAANDMnQwAAAABACgAt+aKAJFIWACRRuAAD/BzAA/wXQAPsjgAD6SpAA+kAQAPoCYAD6AkAAIAnE1hY2ludG9zaCBIRDpVc2VyczoARnJhbmtTdGVpbGVyOgBEb2N1bWVudHM6AEF1c2JpbGR1bmc6AFVuaToANS4gU2VtZXN0ZXI6AFdpc3NlbnNiYXNpZXJ0ZSBTeXN0ZW1lOgBXaGF0VG9TdHVkeToAUmVzb3VyY2VzOgBMaXRlcmF0dXJlOgBwcmVzZW50YWNlLWthcm55LnBkZgAOACoAFABwAHIAZQBzAGUAbgB0AGEAYwBlAC0AawBhAHIAbgB5AC4AcABkAGYADwAaAAwATQBhAGMAaQBuAHQAbwBzAGgAIABIAEQAEgCFVXNlcnMvRnJhbmtTdGVpbGVyL0RvY3VtZW50cy9BdXNiaWxkdW5nL1VuaS81LiBTZW1lc3Rlci9XaXNzZW5zYmFzaWVydGUgU3lzdGVtZS9XaGF0VG9TdHVkeS9SZXNvdXJjZXMvTGl0ZXJhdHVyZS9wcmVzZW50YWNlLWthcm55LnBkZgAAEwABLwAAFQACABP//wAAgAbSGxwdHlokY2xhc3NuYW1lWCRjbGFzc2VzXU5TTXV0YWJsZURhdGGjHR8gVk5TRGF0YVhOU09iamVjdNIbHCIjXE5TRGljdGlvbmFyeaIiIF8QD05TS2V5ZWRBcmNoaXZlctEmJ1Ryb290gAEACAARABoAIwAtADIANwBAAEYATQBVAGAAZwBqAGwAbgBxAHMAdQB3AIQAjgC9AMIAygM8Az4DQwNOA1cDZQNpA3ADeQN+A4sDjgOgA6MDqAAAAAAAAAIBAAAAAAAAACgAAAAAAAAAAAAAAAAAAAOq}}

@unpublished{Reichardt:2014aa,
	Author = {Prof. Dr. Dirk Reichardt},
	Date-Added = {2015-01-02 19:02:59 +0000},
	Date-Modified = {2015-01-02 19:07:14 +0000},
	Month = {11},
	Note = {Vorlesungsunterlagen Angewandte Informatik},
	Title = {Wissensbasierte Systeme Kapitel 5 - Probalistische Netze},
	Year = {2014},
	Bdsk-File-1 = {YnBsaXN0MDDUAQIDBAUGJCVYJHZlcnNpb25YJG9iamVjdHNZJGFyY2hpdmVyVCR0b3ASAAGGoKgHCBMUFRYaIVUkbnVsbNMJCgsMDxJXTlMua2V5c1pOUy5vYmplY3RzViRjbGFzc6INDoACgAOiEBGABIAFgAdccmVsYXRpdmVQYXRoWWFsaWFzRGF0YV8QJi4uLy4uL1Zvcmxlc3VuZy8wNl9XQlNfU2tyaXB0X1BOZXQucGRm0hcLGBlXTlMuZGF0YU8RAj4AAAAAAj4AAgAADE1hY2ludG9zaCBIRAAAAAAAAAAAAAAAAAAAANBivPFIKwAAAL8b9BYwNl9XQlNfU2tyaXB0X1BOZXQucGRmAAAAAAAAAAAAAAAAAAAAAAAAAAAAAAAAAAAAAAAAAAAAAAAAAAAAAAAAqBx70K0ehAAAAAAAAAAAAAIAAgAACSAAAAAAAAAAAAAAAAAAAAAJVm9ybGVzdW5nAAAQAAgAANBioNEAAAARAAgAANCtEHQAAAABACAAvxv0AA/wcwAP8F0AD7I4AA+kqQAPpAEAD6AmAA+gJAACAIVNYWNpbnRvc2ggSEQ6VXNlcnM6AEZyYW5rU3RlaWxlcjoARG9jdW1lbnRzOgBBdXNiaWxkdW5nOgBVbmk6ADUuIFNlbWVzdGVyOgBXaXNzZW5zYmFzaWVydGUgU3lzdGVtZToAVm9ybGVzdW5nOgAwNl9XQlNfU2tyaXB0X1BOZXQucGRmAAAOAC4AFgAwADYAXwBXAEIAUwBfAFMAawByAGkAcAB0AF8AUABOAGUAdAAuAHAAZABmAA8AGgAMAE0AYQBjAGkAbgB0AG8AcwBoACAASABEABIAcFVzZXJzL0ZyYW5rU3RlaWxlci9Eb2N1bWVudHMvQXVzYmlsZHVuZy9VbmkvNS4gU2VtZXN0ZXIvV2lzc2Vuc2Jhc2llcnRlIFN5c3RlbWUvVm9ybGVzdW5nLzA2X1dCU19Ta3JpcHRfUE5ldC5wZGYAEwABLwAAFQACABP//wAAgAbSGxwdHlokY2xhc3NuYW1lWCRjbGFzc2VzXU5TTXV0YWJsZURhdGGjHR8gVk5TRGF0YVhOU09iamVjdNIbHCIjXE5TRGljdGlvbmFyeaIiIF8QD05TS2V5ZWRBcmNoaXZlctEmJ1Ryb290gAEACAARABoAIwAtADIANwBAAEYATQBVAGAAZwBqAGwAbgBxAHMAdQB3AIQAjgC3ALwAxAMGAwgDDQMYAyEDLwMzAzoDQwNIA1UDWANqA20DcgAAAAAAAAIBAAAAAAAAACgAAAAAAAAAAAAAAAAAAAN0}}
	
	
	@ONLINE{Netica:Online,
	author = {Netica},
	title = {Learning Algorithms},
	url = {http://www.norsys.com/WebHelp/NETICA/X_Algorithms.htm}
	urldate = {2014-01-03}
	}
